
@book{dhillon2007human,
  title={Human reliability and error in transportation systems},
  author={Dhillon, Balbir S},
  year={2007},
  publisher={Springer Science \& Business Media}
}

@article{foot1967problem,
  title={The problem of abortion and the doctrine of the double effect},
  author={Foot, Philippa},
  journal={Oxford review},
  volume={5},
  year={1967}
}

@article{judith1985trolley,
  title={The Trolley Problem},
  author={Judith, J THOMSON and Killing, Letting Die},
  journal={Yale Law Journal},
  volume={94},
  number={6},
  pages={1395--415},
  year={1985}
}

@misc{sae2021,
   author = {SAE},
   year={2021},
   title = {SAE Levels of Driving Automationâ„¢ Refined for Clarity and International Audience},
   howpublished = {\url{https://www.sae.org/blog/sae-j3016-update}}
}

@misc{act_rule_tilitarianism,
   author = {Stephen Nathanson},
   year = {2020},
   title = {Act and Rule Utilitarianism},
   howpublished = {\url{https://iep.utm.edu/util-a-r/#SSH3ai}}
}

@article{thornton2016incorporating,
  title={Incorporating ethical considerations into automated vehicle control},
  author={Thornton, Sarah M and Pan, Selina and Erlien, Stephen M and Gerdes, J Christian},
  journal={IEEE Transactions on Intelligent Transportation Systems},
  volume={18},
  number={6},
  pages={1429--1439},
  year={2016},
  publisher={IEEE}
}

@incollection{goodall2014machine,
  title={Machine ethics and automated vehicles},
  author={Goodall, Noah J},
  booktitle={Road vehicle automation},
  pages={93--102},
  year={2014},
  publisher={Springer}
}

@article{liu2021selfish,
  title={Selfish or utilitarian automated vehicles? Deontological evaluation and public acceptance},
  author={Liu, Peng and Liu, Jinting},
  journal={International Journal of Human--Computer Interaction},
  volume={37},
  number={13},
  pages={1231--1242},
  year={2021},
  publisher={Taylor \& Francis}
}

@inproceedings{mirnig2019trolled,
  title={Trolled by the trolley problem: on what matters for ethical decision making in automated vehicles},
  author={Mirnig, Alexander G and Meschtscherjakov, Alexander},
  booktitle={Proceedings of the 2019 CHI Conference on Human Factors in Computing Systems},
  pages={1--10},
  year={2019}
}
